@book{wiki,
		author= {Wikipedia},
		title= {Rube Goldberg Machine},
		year= {1973},
		publisher= {Wikipedia},
		}
@book{kk,
		author= {Kleppner and Kolenkow},
		title= {An Introduction to Mechanics},
		year= {1973},
		publisher= {McGraw-Hill},
		}
		
@book{lt,
		author= {Kleppner and Kolenkow},
		title= {An Introduction to Mechanics},
		year= {1973},
		publisher= {McGraw-Hill},
		}
